<record><leader>00000cas a2200000 a 4500</leader><controlfield tag="001">12411449</controlfield><controlfield tag="008">850822d19141953ksuwr ne      0    0eng d</controlfield><datafield ind1=" " ind2=" " tag="010"><subfield code="a">sn 85031853 </subfield></datafield><datafield ind1=" " ind2=" " tag="040"><subfield code="a">KSH</subfield><subfield code="b">eng</subfield><subfield code="c">KSH</subfield><subfield code="d">NPT</subfield><subfield code="d">OCL</subfield><subfield code="d">OCLCQ</subfield></datafield><datafield ind1=" " ind2=" " tag="042"><subfield code="a">msc</subfield></datafield><datafield ind1="0" ind2=" " tag="130"><subfield code="a">Leonardville monitor (Leonardville, Kan. : 1914)</subfield></datafield><datafield ind1="1" ind2="4" tag="245"><subfield code="a">The Leonardville monitor.</subfield></datafield><datafield ind1=" " ind2=" " tag="260"><subfield code="a">Leonardville, Kan. :</subfield><subfield code="b">Matthews &amp; Sexsmith,</subfield><subfield code="c">1914-1953.</subfield></datafield><datafield ind1=" " ind2=" " tag="300"><subfield code="a">39 v. :</subfield><subfield code="b">ill. ;</subfield><subfield code="c">55 cm.</subfield></datafield><datafield ind1=" " ind2=" " tag="310"><subfield code="a">Weekly</subfield></datafield><datafield ind1="0" ind2=" " tag="362"><subfield code="a">Vol. 30, no. 10 (Aug. 6, 1914)-v. 69, no. 47 (Feb. 26, 1953).</subfield></datafield><datafield ind1=" " ind2=" " tag="500"><subfield code="a">Publisher varies.</subfield></datafield><datafield ind1=" " ind2=" " tag="752"><subfield code="a">United States</subfield><subfield code="b">Kansas</subfield><subfield code="c">Riley</subfield><subfield code="d">Leonardville.</subfield></datafield><datafield ind1="0" ind2="0" tag="780"><subfield code="t">Echo-monitor</subfield><subfield code="w">(DLC)sn 85031851</subfield></datafield><datafield ind1="0" ind2="7" tag="785"><subfield code="t">Riley regent (Riley, Kan. : 1910)</subfield><subfield code="w">(DLC)sn 85031913</subfield></datafield><datafield ind1="0" ind2="7" tag="785"><subfield code="t">Monitor regent</subfield><subfield code="w">(DLC)sn 85031854</subfield></datafield><datafield ind1="1" ind2=" " tag="029"><subfield code="a">AU@</subfield><subfield code="b">000022164544</subfield></datafield></record>